@book{khalil2002nonlinear,
  title={Nonlinear Systems},
  author={Khalil, H.K.},
  isbn={9780130673893},
  lccn={95045804},
  series={Pearson Education},
  year={2002},
  publisher={Prentice Hall}
}