@book{khalil2002nonlinear,
  title={Nonlinear Systems},
  author={Khalil, H.K.},
  isbn={9780130673893},
  lccn={95045804},
  series={Pearson Education},
  year={2002},
  publisher={Prentice Hall}
}

@article{tedrake2009underactuated,
  title={Underactuated robotics: Learning, planning, and control for efficient and agile machines course notes for MIT 6.832},
  author={Tedrake, Russ},
  journal={Working draft edition},
  volume={3},
  number={4},
  pages={2},
  year={2009}
}
